<?xml version="1.0" encoding="UTF-8"?>
  <record xmlns="http://www.loc.gov/MARC21/slim" type="Authority">
    <leader>00000nz  a2200000nc 4500</leader>
    <controlfield tag="001">123293871</controlfield>
    <controlfield tag="003">DE-101</controlfield>
    <controlfield tag="005">20210727144957.0</controlfield>
    <controlfield tag="008">011023n||aznnnaabn           | aaa    |c</controlfield>
    <datafield tag="024" ind1="7" ind2=" ">
      <subfield code="a">123293871</subfield>
      <subfield code="0">http://d-nb.info/gnd/123293871</subfield>
      <subfield code="2">gnd</subfield>
    </datafield>
    <datafield tag="035" ind1=" " ind2=" ">
      <subfield code="a">(DE-101)123293871</subfield>
    </datafield>
    <datafield tag="035" ind1=" " ind2=" ">
      <subfield code="a">(DE-588)123293871</subfield>
    </datafield>
    <datafield tag="035" ind1=" " ind2=" ">
      <subfield code="z">(DE-588a)123293871</subfield>
      <subfield code="9">v:zg</subfield>
    </datafield>
    <datafield tag="040" ind1=" " ind2=" ">
      <subfield code="a">DE-12</subfield>
      <subfield code="c">DE-12</subfield>
      <subfield code="9">r:DE-12</subfield>
      <subfield code="b">ger</subfield>
      <subfield code="d">0012</subfield>
    </datafield>
    <datafield tag="042" ind1=" " ind2=" ">
      <subfield code="a">gnd1</subfield>
    </datafield>
    <datafield tag="043" ind1=" " ind2=" ">
      <subfield code="c">XA-DE</subfield>
    </datafield>
    <datafield tag="075" ind1=" " ind2=" ">
      <subfield code="b">p</subfield>
      <subfield code="2">gndgen</subfield>
    </datafield>
    <datafield tag="075" ind1=" " ind2=" ">
      <subfield code="b">piz</subfield>
      <subfield code="2">gndspec</subfield>
    </datafield>
    <datafield tag="079" ind1=" " ind2=" ">
      <subfield code="a">g</subfield>
      <subfield code="q">a</subfield>
      <subfield code="q">f</subfield>
    </datafield>
    <datafield tag="100" ind1="1" ind2=" ">
      <subfield code="a">Isenburg-Büdingen, Wolfgang Ernst &#152;von&#156;</subfield>
      <subfield code="d">1560-1633</subfield>
    </datafield>
    <datafield tag="375" ind1=" " ind2=" ">
      <subfield code="a">1</subfield>
      <subfield code="2">iso5218</subfield>
    </datafield>
    <datafield tag="400" ind1="1" ind2=" ">
      <subfield code="a">Isenburg-Büdingen-Birstein, Wolfgang Ernst &#152;von&#156;</subfield>
      <subfield code="d">1560-1633</subfield>
    </datafield>
    <datafield tag="400" ind1="1" ind2=" ">
      <subfield code="a">Isenburg, Wolfgang Ernst &#152;zu&#156;</subfield>
      <subfield code="d">1560-1633</subfield>
    </datafield>
    <datafield tag="400" ind1="1" ind2=" ">
      <subfield code="a">Isenburg, Wolfgangus Ernestus &#152;ab&#156;</subfield>
      <subfield code="d">1560-1633</subfield>
    </datafield>
    <datafield tag="400" ind1="1" ind2=" ">
      <subfield code="a">Büdingen, Wolfgang Ernst von Isenburg-</subfield>
      <subfield code="d">1560-1633</subfield>
    </datafield>
    <datafield tag="400" ind1="1" ind2=" ">
      <subfield code="a">Ysenburg und Büdingen, Wolfgang Ernst &#152;zu&#156;</subfield>
      <subfield code="d">1560-1633</subfield>
    </datafield>
    <datafield tag="400" ind1="1" ind2=" ">
      <subfield code="a">Büdingen, Wolfgang Ernst zu Ysenburg</subfield>
      <subfield code="d">1560-1633</subfield>
    </datafield>
    <datafield tag="400" ind1="1" ind2=" ">
      <subfield code="a">Ysenburg-Büdingen, Wolfgang Ernst &#152;zu&#156;</subfield>
      <subfield code="d">1560-1633</subfield>
    </datafield>
    <datafield tag="400" ind1="1" ind2=" ">
      <subfield code="a">Ysenburg und Büdingen, Wolffgang Ernst &#152;von&#156;</subfield>
      <subfield code="d">1560-1633</subfield>
    </datafield>
    <datafield tag="400" ind1="1" ind2=" ">
      <subfield code="a">Isenburg, Ernst Wolfgang &#152;von&#156;</subfield>
      <subfield code="d">1560-1633</subfield>
    </datafield>
    <datafield tag="400" ind1="0" ind2=" ">
      <subfield code="a">Wolfgang Ernst</subfield>
      <subfield code="b">I</subfield>
      <subfield code="c">Isenburg-Büdingen, Graf</subfield>
      <subfield code="d">1560-1633</subfield>
    </datafield>
    <datafield tag="400" ind1="0" ind2=" ">
      <subfield code="a">Wolfgang Ernst</subfield>
      <subfield code="b">I</subfield>
      <subfield code="c">Isenburg-Birstein, Graf</subfield>
      <subfield code="d">1560-1633</subfield>
    </datafield>
    <datafield tag="400" ind1="0" ind2=" ">
      <subfield code="a">Wolfgang Ernst</subfield>
      <subfield code="b">I</subfield>
      <subfield code="c">Isenburg-Büdingen-Birstein, Graf</subfield>
      <subfield code="d">1560-1633</subfield>
    </datafield>
    <datafield tag="400" ind1="0" ind2=" ">
      <subfield code="a">Wolufgangus Ernestus</subfield>
      <subfield code="c">Budingen, Comes</subfield>
      <subfield code="d">1560-1633</subfield>
    </datafield>
    <datafield tag="500" ind1="1" ind2=" ">
      <subfield code="0">(DE-101)1023024292</subfield>
      <subfield code="0">(DE-588)1023024292</subfield>
      <subfield code="0">https://d-nb.info/gnd/1023024292</subfield>
      <subfield code="a">Isenburg-Büdingen, Juliane &#152;von&#156;</subfield>
      <subfield code="d">1583-1627</subfield>
      <subfield code="4">bezf</subfield>
      <subfield code="4">https://d-nb.info/standards/elementset/gnd#familialRelationship</subfield>
      <subfield code="w">r</subfield>
      <subfield code="i">Beziehung familiaer</subfield>
      <subfield code="e">Beziehung familiaer</subfield>
      <subfield code="9">v:Ehefrau</subfield>
    </datafield>
    <datafield tag="548" ind1=" " ind2=" ">
      <subfield code="a">1560-1633</subfield>
      <subfield code="4">datl</subfield>
      <subfield code="4">https://d-nb.info/standards/elementset/gnd#dateOfBirthAndDeath</subfield>
      <subfield code="w">r</subfield>
      <subfield code="i">Lebensdaten</subfield>
    </datafield>
    <datafield tag="550" ind1=" " ind2=" ">
      <subfield code="a">Graf</subfield>
      <subfield code="4">adel</subfield>
      <subfield code="4">https://d-nb.info/standards/elementset/gnd#titleOfNobility</subfield>
      <subfield code="w">r</subfield>
      <subfield code="i">Adelstitel</subfield>
    </datafield>
    <datafield tag="667" ind1=" " ind2=" ">
      <subfield code="a">VD-17</subfield>
    </datafield>
    <datafield tag="670" ind1=" " ind2=" ">
      <subfield code="a">NDB/ADB-online</subfield>
    </datafield>
    <datafield tag="672" ind1=" " ind2="0">
      <subfield code="a">Martinius, Konrad: Christliche Leichpredigt Bey der Begräbnuß des ... Wolffgang Ernsten Graven zu Ysenburg und Büdingen ... . - 1634</subfield>
    </datafield>
    <datafield tag="913" ind1=" " ind2=" ">
      <subfield code="S">pnd</subfield>
      <subfield code="i">a</subfield>
      <subfield code="a">Isenburg-Büdingen, Wolfgang Ernst /von</subfield>
      <subfield code="0">(DE-588a)123293871</subfield>
    </datafield>
  </record>
